00580cas a22002291a 4500
001 9917737873502836
003 Nz
005 20161223172954.0
008 040108d1879uuuunz  r ne      0   0 eng d
035    $a (Nz)8172439
035    $a (OCoLC)173422098
035    $a (NLNZils)1773787-ilsdb
040    $a WN $c WN
042    $a nznb
043    $a u-nz---
245 00 $a New Zealand lantern.
260    $a Auckland [N.Z.]
310    $a Weekly
362 0  $a 1879 Aug.23-?
500    $a 1879 Aug.30 = vol.1 no.2.
651  0 $a Auckland (N.Z.) $v Newspapers.
655  7 $a New Zealand newspapers. $2 local $5 Nz
